@article{reinerTennerYong2018,
  title={Poset edge densities, nearly reduced words, and barely set-valued tableaux},
  author={Reiner, Victor and Tenner, Bridget Eileen and Yong, Alexander},
  journal={Journal of Combinatorial Theory, Series A},
  volume={158},
  pages={66--125},
  year={2018},
  publisher={Elsevier}
}
@article{dao2020rowmotion,
  title={Rowmotion orbits of trapezoid posets},
  author={Dao, Quang Vu and Wellman, Julian and Yost-Wolff, Calvin and Zhang, Sylvester W},
  journal={arXiv preprint arXiv:2002.04810},
  year={2020}
}
@article{propp2014piecewise,
  title={Piecewise-linear and birational toggling},
  author={Propp, James and Einstein, David},
  journal={Discrete Mathematics \& Theoretical Computer Science},
  year={2014},
  publisher={Episciences. org}
}

@article{rs13cyclic,
  title={On orbits of order ideals of minuscule posets},
  author={Rush, David B and Shi, XiaoLin},
  journal={Journal of Algebraic Combinatorics},
  volume={37},
  number={3},
  pages={545--569},
  year={2013},
  publisher={Springer}
}


@article{HPPW18,
    author = {Hamaker, Zachary and Patrias, Rebecca and Pechenik, Oliver and Williams, Nathan},
    title = "{Doppelg\"angers: Bijections of Plane Partitions}",
    journal = {International Mathematics Research Notices},
    year = {2018},
    month = {03},
    issn = {1073-7928}
} 

@article{hopkins2019minuscule,
  title={Minuscule doppelg{\"a}ngers, the coincidental down-degree expectations property, and rowmotion},
  author={Hopkins, Sam},
  journal={Experimental Mathematics},
  pages={1--29},
  year={2020},
  publisher={Taylor \& Francis}
}

@article{stanley1986two,
  title={Two poset polytopes},
  author={Stanley, Richard P.},
  journal={Discrete \& Computational Geometry},
  volume={1},
  number={1},
  pages={9--23},
  year={1986},
  publisher={Springer}
}

@article{elizalde2015bijections,
  title={Bijections for pairs of non-crossing lattice paths and walks in the plane},
  author={Elizalde, Sergi},
  journal={European Journal of Combinatorics},
  volume={49},
  pages={25--41},
  year={2015},
  publisher={Elsevier}
}

@article{courtiel2018bijections,
  title={Bijections for {Weyl} Chamber walks ending on an axis, using arc diagrams and {Schnyder} woods},
  author={Courtiel, Julien and Fusy, Eric and Lepoutre, Mathias and Mishna, Marni},
  journal={European Journal of Combinatorics},
  volume={69},
  pages={126--142},
  year={2018},
  publisher={Elsevier}
}

@article{propp2015homomesy,
  title={Homomesy in products of two chains},
  author={Propp, James and Roby, Tom},
  journal={The Electronic Journal of Combinatorics},
  volume={22},
  number={3},
  pages={3--4},
  year={2015}
}

@article{hopkins2017cde,
  title={The {CDE} property for minuscule lattices},
  author={Hopkins, Sam},
  journal={Journal of Combinatorial Theory, Series A},
  volume={152},
  pages={45--103},
  year={2017},
  publisher={Elsevier}
}

@article{chan2017expected,
  title={The expected jaggedness of order ideals},
  author={Chan, Melody and Haddadan, Shahrzad and Hopkins, Sam and Moci, Luca},
  journal={Forum of Mathematics, Sigma},
  volume={5},
  year={2017},
  organization={Cambridge University Press}
}



@article{EP14,
  title={Piecewise-linear and birational toggling},
  author={Propp, James and Einstein, David},
  journal={Discrete Mathematics \& Theoretical Computer Science},
  year={2014},
  publisher={Episciences. org}
}

@article{gaetz2016k,
  title={K-Knuth Equivalence for Increasing Tableaux},
  author={Gaetz, Christian and Mastrianni, Michelle and Patrias, Rebecca and Peck, Hailee and Robichaux, Colleen and Schwein, David and Tam, Ka Yu},
  journal={The Electronic Journal of Combinatorics},
  volume={23},
  number={1},
  pages={P1--40},
  year={2016}
}

@article{buch2016k,
  title={K-theory of minuscule varieties},
  author={Buch, Anders Skovsted and Samuel, Matthew J},
  journal={Journal f{\"u}r die reine und angewandte Mathematik (Crelles Journal)},
  volume={2016},
  number={719},
  pages={133--171},
  year={2016},
  publisher={De Gruyter}
}

@article{dilks2017resonance,
  title={Resonance in orbits of plane partitions and increasing tableaux},
  author={Dilks, Kevin and Pechenik, Oliver and Striker, Jessica},
  journal={Journal of Combinatorial Theory, Series A},
  volume={148},
  pages={244--274},
  year={2017},
  publisher={Elsevier}
}

@article{dilks2019rowmotion,
  title={Rowmotion and increasing labeling promotion},
  author={Dilks, Kevin and Striker, Jessica and Vorland, Corey},
  journal={Journal of Combinatorial Theory, Series A},
  volume={164},
  pages={72-108},
  year={2019},
  publisher={Elsevier}
}

@article{toggles,
  title={Orbits of antichains revisited},
  author={Cameron, Peter J and Fon-der-Flaass, Dmitry G},
  journal={European Journal of Combinatorics},
  volume={16},
  number={6},
  pages={545--554},
  year={1995},
  publisher={Elsevier}
}

@article{TY09,
    title={A jeu de taquin theory for increasing tableaux, with applications to {$K$}-theoretic
Schubert calculus},
    author={Thomas, Hugh and Yong, Alexander},
    journal={Algebra \& Number Theory},
  volume={3},
  pages={121--148},
  year={2009},
  publisher={Mathematical Sciences Publisher}
}

@article{prorow,
  title={Promotion and rowmotion},
  author={Striker, Jessica and Williams, Nathan},
  journal={European Journal of Combinatorics},
  volume={33},
  number={8},
  pages={1919--1942},
  year={2012},
  publisher={Elsevier}
}

@article{fon1993orbits,
  title={Orbits of antichains in ranked posets},
  author={Fon-Der-Flaass, Dmitry G},
  journal={European journal of combinatorics},
  volume={14},
  number={1},
  pages={17--22},
  year={1993},
  publisher={Elsevier}
}

@article{rowfirst,
  title={Sur les hypergraphes invariants},
  author={Duchet, Pierre},
  journal={Discrete Mathematics},
  volume={8},
  number={3},
  pages={269--280},
  year={1974},
  publisher={Elsevier}
}

@article{stembridge86,
  title={Trapezoidal chains and antichains},
  author={Stembridge, John R},
  journal={European Journal of Combinatorics},
  volume={7},
  number={4},
  pages={377--387},
  year={1986},
  publisher={Elsevier}
}


@article{buch2008stable,
  title={Stable \uppercase{G}rothendieck polynomials and \uppercase{K}-theoretic factor sequences},
  author={Buch, Anders Skovsted and Kresch, Andrew and Shimozono, Mark and Tamvakis, Harry and Yong, Alexander},
  journal={Mathematische Annalen},
  volume={340},
  number={2},
  pages={359--382},
  year={2008},
  publisher={Springer}
}

@book{EC1,
 author = {Stanley, Richard P.},
 title = {Enumerative Combinatorics: Volume 1},
 year = {2011},
 isbn = {1107602629, 9781107602625},
 edition = {2nd},
 publisher = {Cambridge University Press},
 address = {New York, NY, USA},
} 


@article{pwbr_row,
  title={Piecewise-linear and birational toggling},
  author={Propp, James and Einstein, David},
  journal={Discrete Mathematics \& Theoretical Computer Science},
  year={2014},
  publisher={Episciences. org}
}

@article{rush15,
  title={On orbits of order ideals of minuscule posets \uppercase{II}: Homomesy},
  author={Rush, David and Wang, Kevin},
  journal={arXiv preprint arXiv:1509.08047},
  year={2015}
}


@article{Pan09,
  title={On orbits of antichains of positive roots},
  author={Panyushev, Dimitri},
  journal={European Journal of Combinatorics},
  volume={30},
  pages={586â€“594},
  year={2009},
  publisher={Elsevier}
}

@article{TW09,
title={Rowmotion in slow motion},
  author={Thomas, Hugh and Williams, Nathan},
  journal={Proceedings of the London Mathematical Society},
  volume={119},
  pages={1149-1178},
  year={2019},
}


@article{bs74,
  title={On the period of an operator, defined on antichains},
  author={Brouwer, Andries E and Schrijver, Alexander},
  journal={Stichting Mathematisch Centrum. Zuivere Wiskunde},
  number={ZW 24/74},
  year={1974},
  publisher={Stichting Mathematisch Centrum}
}



@article{sta09,
  title={Promotion and Evacuation},
  author={Richard P. Stanley},
  journal={Electr. J. Comb.},
  year={2008},
  volume={16}
}

@article{rsw04,
    title={The cyclic sieving phenomenon},
  author={Reiner, Victor and Stanton, Dennis and White, Dennis},
  journal={Journal of Combinatorial Theory, Series A},
  volume={108},
  number={1},
  pages={17--50},
  year={2004},
  publisher={Elsevier}
}

@article{pro83,
  title={Shifted plane partitions of trapezoidal shape},
  author={Proctor, Robert A},
  journal={Proceedings of the American Mathematical Society},
  volume={89},
  number={3},
  pages={553--559},
  year={1983}
}

@article{GR15,
  title={Iterative properties of birational rowmotion II: rectangles and triangles},
  author={Grinberg, Darij and Roby, Tom},
  journal={The Electronic Journal of Combinatorics},
  pages={P3--40},
  year={2015}
}

@article{MR19,
  title={Paths to understanding birational rowmotion on products of two chains},
  author={Musiker, Gregg and Roby, Tom},
  journal={Algebraic Combinatorics},
  volume={2},
  number={2},
  pages={275--304},
  year={2019}
}

@phdthesis{williams2013,
  title={Cataland},
  author={Williams, Nathan},
  year={2013},
  school={University of Minnesota}
}

@article{armstrong2013uniform,
  title={A uniform bijection between nonnesting and noncrossing partitions},
  author={Armstrong, Drew and Stump, Christian and Thomas, Hugh},
  journal={Transactions of the American Mathematical Society},
  volume={365},
  number={8},
  pages={4121--4151},
  year={2013}
}

@article{REINER1997195,
title = {Non-crossing partitions for classical reflection groups},
journal = {Discrete Mathematics},
volume = {177},
number = {1},
pages = {195-222},
year = {1997},
issn = {0012-365X},
doi = {https://doi.org/10.1016/S0012-365X(96)00365-2},
url = {https://www.sciencedirect.com/science/article/pii/S0012365X96003652},
author = {Victor Reiner},
abstract = {We introduce analogues of the lattice of non-crossing set partitions for the classical reflection groups of types B and D. The type B analogues (first considered by Montenegro in a different guise) turn out to be as well-behaved as the original non-crossing set partitions, and the type D analogues almost as well-behaved. In both cases, they are EL-labellable ranked lattices with symmetric chain decompositions (self-dual for type B), whose rank-generating functions, zeta polynomials, rank-selected chain numbers have simple closed forms.}
}

@article{cuntz2015root,
  title={On root posets for noncrystallographic root systems},
  author={Cuntz, Michael and Stump, Christian},
  journal={Mathematics of Computation},
  volume={84},
  number={291},
  pages={485--503},
  year={2015}
}